<record><leader>00000cas a22000007a 4500</leader><controlfield tag="001">12742560</controlfield><controlfield tag="008">851031d18961896wiuwr ne      0    0ger d</controlfield><datafield ind1=" " ind2=" " tag="010"><subfield code="a">sn 85041290 </subfield></datafield><datafield ind1=" " ind2=" " tag="040"><subfield code="a">NPV</subfield><subfield code="b">eng</subfield><subfield code="c">NPV</subfield><subfield code="d">OCLCQ</subfield></datafield><datafield ind1=" " ind2=" " tag="042"><subfield code="a">msc</subfield></datafield><datafield ind1=" " ind2=" " tag="045"><subfield code="a">w9w9</subfield></datafield><datafield ind1=" " ind2=" " tag="052"><subfield code="a">4123</subfield><subfield code="b">R2</subfield></datafield><datafield ind1="0" ind2=" " tag="130"><subfield code="a">Standard democrat (Burlington, Wis.)</subfield></datafield><datafield ind1="1" ind2="4" tag="245"><subfield code="a">The standard democrat.</subfield></datafield><datafield ind1=" " ind2=" " tag="260"><subfield code="a">Burlington, Wis. :</subfield><subfield code="b">H.E. Zimmerman,</subfield><subfield code="c">1896-1896.</subfield></datafield><datafield ind1=" " ind2=" " tag="300"><subfield code="a">v.</subfield></datafield><datafield ind1=" " ind2=" " tag="310"><subfield code="a">Weekly</subfield></datafield><datafield ind1="0" ind2=" " tag="362"><subfield code="a">Vol. 1, no. 1 (Dec. 12, 1896).</subfield></datafield><datafield ind1=" " ind2=" " tag="500"><subfield code="a">Editor: H.E. Zimmerman, Dec. 12, 1896.</subfield></datafield><datafield ind1=" " ind2=" " tag="530"><subfield code="a">Available on microfilm from the State Historical Society of Wisconsin.</subfield></datafield><datafield ind1=" " ind2=" " tag="546"><subfield code="a">In German.</subfield></datafield><datafield ind1=" " ind2=" " tag="752"><subfield code="a">United States</subfield><subfield code="b">Wisconsin</subfield><subfield code="c">Racine</subfield><subfield code="d">Burlington.</subfield></datafield><datafield ind1="0" ind2="0" tag="785"><subfield code="t">Standard demokrat</subfield><subfield code="w">(DLC)sn 85041289</subfield></datafield><datafield ind1="1" ind2=" " tag="029"><subfield code="a">AU@</subfield><subfield code="b">000025812605</subfield></datafield></record>